<?xml version="1.0" encoding="UTF-8"?><record xmlns="http://www.loc.gov/MARC21/slim" xmlns:cinclude="http://apache.org/cocoon/include/1.0" xmlns:zs="http://www.loc.gov/zing/srw/">
  <leader>02139cz  a2200421n  4500</leader>
  <controlfield tag="001">n  98940084 </controlfield>
  <controlfield tag="003">DLC</controlfield>
  <controlfield tag="005">20161010075120.0</controlfield>
  <controlfield tag="008">980224n| azannaabn          |b aaa      </controlfield>
  <datafield tag="010" ind1=" " ind2=" ">
    <subfield code="a">n  98940084 </subfield>
    <subfield code="z">no 98073793 </subfield>
  </datafield>
  <datafield tag="035" ind1=" " ind2=" ">
    <subfield code="a">(OCoLC)oca04673472</subfield>
  </datafield>
  <datafield tag="040" ind1=" " ind2=" ">
    <subfield code="a">DLC</subfield>
    <subfield code="b">eng</subfield>
    <subfield code="e">rda</subfield>
    <subfield code="c">DLC</subfield>
    <subfield code="d">DLC</subfield>
    <subfield code="d">OCoLC</subfield>
    <subfield code="d">InU</subfield>
    <subfield code="d">DLC</subfield>
    <subfield code="d">HU</subfield>
  </datafield>
  <datafield tag="046" ind1=" " ind2=" ">
    <subfield code="s">1526</subfield>
    <subfield code="t">1572</subfield>
    <subfield code="2">edtf</subfield>
  </datafield>
  <datafield tag="100" ind1="1" ind2=" ">
    <subfield code="a">Bāyāzīd Anṣārī, Pīr Roṣhān,</subfield>
    <subfield code="d">active 1526-1572</subfield>
  </datafield>
  <datafield tag="372" ind1=" " ind2=" ">
    <subfield code="a">Islam</subfield>
    <subfield code="2">mesh</subfield>
  </datafield>
  <datafield tag="374" ind1=" " ind2=" ">
    <subfield code="a">Authors</subfield>
    <subfield code="2">lcsh</subfield>
  </datafield>
  <datafield tag="374" ind1=" " ind2=" ">
    <subfield code="a">Muslim scholars</subfield>
    <subfield code="2">lcsh</subfield>
  </datafield>
  <datafield tag="375" ind1=" " ind2=" ">
    <subfield code="a">Males</subfield>
    <subfield code="2">lcdgt</subfield>
  </datafield>
  <datafield tag="377" ind1=" " ind2=" ">
    <subfield code="a">pus</subfield>
  </datafield>
  <datafield tag="400" ind1="1" ind2=" ">
    <subfield code="a">Ansari, Bai︠a︡zid,</subfield>
    <subfield code="d">active 1526-1572</subfield>
  </datafield>
  <datafield tag="400" ind1="1" ind2=" ">
    <subfield code="a">Anṣārī, Pīr Roṣhān Bāyāzīd,</subfield>
    <subfield code="d">active 1526-1572</subfield>
  </datafield>
  <datafield tag="400" ind1="1" ind2=" ">
    <subfield code="a">Ansarii, Bayazid,</subfield>
    <subfield code="d">active 1526-1572</subfield>
  </datafield>
  <datafield tag="400" ind1="1" ind2=" ">
    <subfield code="a">Ansoriĭ, Boi︠a︡zid,</subfield>
    <subfield code="d">active 1526-1572</subfield>
  </datafield>
  <datafield tag="400" ind1="0" ind2=" ">
    <subfield code="a">Bai︠a︡zid Ansari,</subfield>
    <subfield code="d">active 1526-1572</subfield>
  </datafield>
  <datafield tag="400" ind1="1" ind2=" ">
    <subfield code="w">nnea</subfield>
    <subfield code="a">Bāyāzīd Anṣārī, Pīr Roṣhān,</subfield>
    <subfield code="d">fl. 1526-1572</subfield>
  </datafield>
  <datafield tag="400" ind1="0" ind2=" ">
    <subfield code="a">Bayazid Ansarii,</subfield>
    <subfield code="d">active 1526-1572</subfield>
  </datafield>
  <datafield tag="400" ind1="0" ind2=" ">
    <subfield code="a">Boi︠a︡zid Ansoriĭ,</subfield>
    <subfield code="c">Piri Komil,</subfield>
    <subfield code="d">active 1526-1572</subfield>
  </datafield>
  <datafield tag="400" ind1="0" ind2=" ">
    <subfield code="a">Piri Komil Boi︠a︡zid Ansoriĭ,</subfield>
    <subfield code="d">active 1526-1572</subfield>
  </datafield>
  <datafield tag="400" ind1="1" ind2=" ">
    <subfield code="a">Roṣhān, Bāyazīd,</subfield>
    <subfield code="d">active 1526-1572</subfield>
  </datafield>
  <datafield tag="400" ind1="1" ind2=" ">
    <subfield code="a">بايزيد انصارى، پير روښان</subfield>
    <subfield code="d">active 1526-1572</subfield>
  </datafield>
  <datafield tag="400" ind1="0" ind2=" ">
    <subfield code="a">بايزيد روښان</subfield>
    <subfield code="d">active 1526-1572</subfield>
  </datafield>
  <datafield tag="400" ind1="1" ind2=" ">
    <subfield code="a">روښان، بايزيد</subfield>
    <subfield code="d">active 1526-1572</subfield>
  </datafield>
  <datafield tag="400" ind1="0" ind2=" ">
    <subfield code="a">پير روښان بايزيد انصارى</subfield>
    <subfield code="d">active 1526-1572</subfield>
  </datafield>
  <datafield tag="667" ind1=" " ind2=" ">
    <subfield code="a">Non-Latin script references not evaluated.</subfield>
  </datafield>
  <datafield tag="670" ind1=" " ind2=" ">
    <subfield code="a">Bāyāzīd Anṣārī, Pīr Rok̲h̲ān, 1995:</subfield>
    <subfield code="b">t.p. (Bāyāzīd Anṣārī, Pīr Rok̲h̲ān)</subfield>
  </datafield>
  <datafield tag="670" ind1=" " ind2=" ">
    <subfield code="a">Islamabad Office manual auth. card, 02-24-98 (hdg.: Bāyāzīd Anṣārī, Pīr Roṣhān, fl. 1526-1572)</subfield>
  </datafield>
  <datafield tag="670" ind1=" " ind2=" ">
    <subfield code="a">Ali Muḣammad Mukhlisning "Ḣolnama" asari, 1996:</subfield>
    <subfield code="b">p. 1 (Boi︠a︡zid Ansoriĭ; b. 1521; d. 1572) p. 15 (Boi︠a︡zid Ansoriĭ, Piri Komil) p. 20 (Ansari, Bai︠a︡zid) p. [21] (Bayazid Ansarii)</subfield>
  </datafield>
  <datafield tag="670" ind1=" " ind2=" ">
    <subfield code="a">Da Bāyazīd Roṣhān ʻirfānī, adabī ṣhawūnżay, 2011:</subfield>
    <subfield code="b">t.p. (بايزيد روښان=  Bāyāzīd Roṣhān)</subfield>
  </datafield>
</record>